<?xml version="1.0" encoding="UTF-8"?><collection xmlns="http://www.loc.gov/MARC21/slim"><record><leader>00423nam--2200121-i-4500</leader><controlfield tag="001">000023074</controlfield><controlfield tag="002">20161230</controlfield><controlfield tag="005">20161230201034</controlfield><controlfield tag="008">060222s1000------------r-----000-0-eng-d</controlfield><datafield ind1=" " ind2=" " tag="245"><subfield code="a">Exemples de programmes de reacteurs de puissance</subfield></datafield><datafield ind1=" " ind2=" " tag="260"><subfield code="a">Paris, Agence Europeenne Pour L`Energie Nucleaire, Ocde, 1968. 38p. + 7 Fig</subfield></datafield><datafield ind1=" " ind2=" " tag="490"><subfield code="a">Les Perspectives Du Developpement De L`Energie Nucleaire En Europe Occidentale</subfield></datafield><datafield ind1=" " ind2=" " tag="852"><subfield code="a">33942</subfield></datafield></record></collection>